<record><leader>01477nam a2200385 i 4500</leader><controlfield tag="001">6734776</controlfield><controlfield tag="003">CaONFJC</controlfield><controlfield tag="006">m        d        </controlfield><controlfield tag="007">cr||n|||||||||</controlfield><controlfield tag="008">140605s2015    enk     o     000|0|eng|d</controlfield><datafield ind1=" " ind2=" " tag="020"><subfield code="a">9781322148335 (MyiLibrary)</subfield></datafield><datafield ind1=" " ind2=" " tag="020"><subfield code="a">9781849055833 (pbk.) :</subfield><subfield code="c">&#163;8.99</subfield></datafield><datafield ind1=" " ind2=" " tag="037"><subfield code="a">646088</subfield><subfield code="b">MIL</subfield></datafield><datafield ind1=" " ind2=" " tag="039"><subfield code="a">exclude</subfield></datafield><datafield ind1=" " ind2=" " tag="040"><subfield code="a">CaONFJC</subfield><subfield code="c">CaONFJC</subfield><subfield code="e">rda</subfield><subfield code="d">AEU</subfield></datafield><datafield ind1=" " ind2="4" tag="050"><subfield code="a">HV865</subfield></datafield><datafield ind1=" " ind2="7" tag="072"><subfield code="a">SOC</subfield><subfield code="2">ukslc</subfield></datafield><datafield ind1="0" ind2="4" tag="082"><subfield code="a">362.7'32</subfield><subfield code="2">23</subfield></datafield><datafield ind1=" " ind2=" " tag="090"><subfield code="a">Internet Access</subfield><subfield code="b">AEGMCT</subfield></datafield><datafield ind1="1" ind2=" " tag="100"><subfield code="a">Hewitt, Paolo,</subfield><subfield code="d">1958-</subfield><subfield code="e">author.</subfield></datafield><datafield ind1="1" ind2="0" tag="245"><subfield code="a">But we all shine on :</subfield><subfield code="b">the remarkable orphans of Burbank Children's Home /</subfield><subfield code="c">Paolo Hewitt.</subfield></datafield><datafield ind1=" " ind2="1" tag="264"><subfield code="a">London :</subfield><subfield code="b">Jessica Kingsley Publishers,</subfield><subfield code="c">2015.</subfield></datafield><datafield ind1=" " ind2=" " tag="300"><subfield code="a">1 online resource (176 pages)</subfield></datafield><datafield ind1=" " ind2=" " tag="336"><subfield code="a">text</subfield><subfield code="b">txt</subfield><subfield code="2">rdacontent</subfield></datafield><datafield ind1=" " ind2=" " tag="337"><subfield code="a">computer</subfield><subfield code="b">c</subfield><subfield code="2">rdamedia</subfield></datafield><datafield ind1=" " ind2=" " tag="338"><subfield code="a">online resource</subfield><subfield code="b">cr</subfield><subfield code="2">rdacarrier</subfield></datafield><datafield ind1=" " ind2=" " tag="506"><subfield code="a">Access restricted to authorized users and institutions.</subfield></datafield><datafield ind1=" " ind2=" " tag="588"><subfield code="a">Description based on print version record.</subfield></datafield><datafield ind1=" " ind2=" " tag="596"><subfield code="a">57</subfield></datafield><datafield ind1="1" ind2="0" tag="600"><subfield code="a">Hewitt, Paolo,</subfield><subfield code="d">1958-</subfield><subfield code="x">Childhood and youth.</subfield></datafield><datafield ind1=" " ind2="0" tag="650"><subfield code="a">Children</subfield><subfield code="x">Institutional care</subfield><subfield code="z">England</subfield><subfield code="z">Woking.</subfield></datafield><datafield ind1=" " ind2="0" tag="650"><subfield code="a">Orphans</subfield><subfield code="z">England</subfield><subfield code="z">Woking.</subfield></datafield><datafield ind1="4" ind2="0" tag="856"><subfield code="3">MacEwan University Access</subfield><subfield code="u">http://lib.myilibrary.com/detail.asp?ID=646088</subfield><subfield code="z">(Single User Access)</subfield><subfield code="z">from MyiLibrary</subfield></datafield><datafield ind1=" " ind2=" " tag="949"><subfield code="h">UAIN</subfield><subfield code="m">GR_MAC_INT</subfield><subfield code="z">MILGMPSA</subfield></datafield><datafield ind1=" " ind2=" " tag="926"><subfield code="a">Internet Access</subfield><subfield code="w">ORDER</subfield><subfield code="c">1</subfield><subfield code="i">6734776-2001</subfield><subfield code="l">INTERNET</subfield><subfield code="m">GR_MAC_INT</subfield><subfield code="r">Y</subfield><subfield code="s">Y</subfield><subfield code="t">E-RESOURCE</subfield><subfield code="u">1/12/2015</subfield><subfield code="x">E-BOOK</subfield><subfield code="z">MILGMPSA</subfield></datafield></record>